<?xml version="1.0" encoding="UTF-8"?><collection xmlns="http://www.loc.gov/MARC21/slim"><record><leader>00401nam--2200133-i-4500</leader><controlfield tag="001">000035676</controlfield><controlfield tag="002">20161230</controlfield><controlfield tag="005">20161230201040</controlfield><controlfield tag="008">060222s1000------------r-----000-0-eng-d</controlfield><datafield ind1=" " ind2=" " tag="080"><subfield code="a">543.42:547(082)</subfield></datafield><datafield ind1=" " ind2=" " tag="100"><subfield code="a">Philips, John P., Bates, Data., Feuer, Henry And Thyagarajan, B.D</subfield></datafield><datafield ind1=" " ind2=" " tag="245"><subfield code="a">Organic electronic spectral data. vol.xv: (1972)</subfield></datafield><datafield ind1=" " ind2=" " tag="260"><subfield code="a">New York, Interscience Publ., 1960</subfield></datafield><datafield ind1=" " ind2=" " tag="852"><subfield code="a">16312</subfield></datafield></record></collection>